<?xml version="1.0" encoding="UTF-8"?><collection xmlns="http://www.loc.gov/MARC21/slim"><record><leader>00463nam--2200121-i-4500</leader><controlfield tag="001">000042701</controlfield><controlfield tag="002">20161230</controlfield><controlfield tag="005">20161230201043</controlfield><controlfield tag="008">060222s1000------------r-----000-0-eng-d</controlfield><datafield ind1=" " ind2=" " tag="080"><subfield code="a">621.18(094)</subfield></datafield><datafield ind1=" " ind2=" " tag="245"><subfield code="a">Prescriptii tehnice pt.regimul chimic al generatoarelor de abur si apa fierbiente. c 18-73. colectia inspectiei pt.cazane, recipiente sub presiune si instalatii de ridicat. iscir. ed.oficiala</subfield></datafield><datafield ind1=" " ind2=" " tag="260"><subfield code="a">Bucuresti, Ed.Tehnica, 1974, 24p./-27p.</subfield></datafield><datafield ind1=" " ind2=" " tag="852"><subfield code="a">42697</subfield></datafield></record></collection>